
@phdthesis{purchase_parametric_1997,
	type = {Ph.{D}. {Thesis}},
	title = {Parametric {Analysis} to {Describe} {Genotype} × {Environment} {Interaction} and {Yield} {Stability} in {Winter} {Wheat}},
	url = {http://hdl.handle.net/11660/1966},
	school = {University of the Orange Free State},
	author = {Purchase, J.L.},
	year = {1997},
	note = {bibtex: purchase\_parametric\_1997}
}

@article{zali_evaluation_2012,
	title = {Evaluation of genotype × environment interaction in chickpea using measures of stability from {AMMI} model},
	volume = {3},
	url = {http://www.ijabbr.com/article_7777_620ea1a0c1fd04868f60bd23c6dda48b.pdf},
	number = {7},
	journal = {Annals of Biological Research},
	author = {Zali, Hassan and Farshadfar, Ezatollah and Sabaghpour, Sayed Hosein and Karimizadeh, Rahmatollah},
	year = {2012},
	note = {bibtex: zali\_evaluation\_2012},
	pages = {3126--3136}
}

@article{sneller_repeatability_1997,
	title = {Repeatability of {Yield} {Stability} {Statistics} in {Soybean}},
	volume = {37},
	issn = {0011-183X},
	doi = {10.2135/cropsci1997.0011183X003700020013x},
	language = {en},
	number = {2},
	urldate = {2018-07-04},
	journal = {Crop Science},
	author = {Sneller, C. H. and Kilgore-Norquest, L. and Dombek, D.},
	year = {1997},
	note = {bibtex: sneller\_repeatability\_1997},
	pages = {383--390}
}

@article{raju_study_2002,
	title = {A study on {AMMI} model and its biplots},
	volume = {53},
	number = {3},
	journal = {Journal of the Indian Society of Agricultural Statistics},
	author = {Raju, B M K},
	year = {2002},
	note = {bibtex: raju\_study\_2002},
	pages = {297--322}
}